<?xml version="1.0" encoding="UTF-8"?><collection xmlns="http://www.loc.gov/MARC21/slim"><record><leader>00546nam--2200205-i-4500</leader><controlfield tag="001">000014725</controlfield><controlfield tag="002">20161230</controlfield><controlfield tag="005">20170114163224</controlfield><controlfield tag="008">060222s1000------------r-----000-0-ger-d</controlfield><datafield ind1=" " ind2=" " tag="040"><subfield code="a">IFIN-HH</subfield></datafield><datafield ind1=" " ind2=" " tag="041"><subfield code="a">ger</subfield></datafield><datafield ind1=" " ind2=" " tag="080"><subfield code="a">538.915:546.3</subfield></datafield><datafield ind1="1" ind2=" " tag="100"><subfield code="a">Sommerfeld, A</subfield></datafield><datafield ind1="1" ind2="0" tag="245"><subfield code="a">Elektronentheorie der metalle</subfield><subfield code="c">A. Sommerfeld, H. Bethe</subfield></datafield><datafield ind1=" " ind2=" " tag="260"><subfield code="a">Berlin</subfield><subfield code="b">Springer-Verlag</subfield><subfield code="c">1967</subfield></datafield><datafield ind1=" " ind2=" " tag="300"><subfield code="a">VII + 290 p</subfield></datafield><datafield ind1=" " ind2=" " tag="490"><subfield code="a">Heidelberger Taschenbucher</subfield><subfield code="v">Bd. 19</subfield></datafield><datafield ind1="1" ind2=" " tag="700"><subfield code="a">Bethe, Hans A</subfield></datafield><datafield ind1=" " ind2=" " tag="852"><subfield code="a">75221</subfield><subfield code="c">539.2</subfield></datafield><datafield ind1=" " ind2=" " tag="CAT"><subfield code="a">SYS</subfield><subfield code="c">20170114</subfield><subfield code="h">163224</subfield></datafield></record></collection>